<?xml version="1.0" encoding="UTF-8"?><collection xmlns="http://www.loc.gov/MARC21/slim"><record><leader>00486nam--2200193-i-4500</leader><controlfield tag="001">000024182</controlfield><controlfield tag="002">20161230</controlfield><controlfield tag="005">20161230201035</controlfield><controlfield tag="008">060222s1000------------r-----000-0-rus-d</controlfield><datafield ind1=" " ind2=" " tag="040"><subfield code="a">IFIN-HH</subfield></datafield><datafield ind1=" " ind2=" " tag="041"><subfield code="a">rus</subfield></datafield><datafield ind1=" " ind2=" " tag="080"><subfield code="a">535.42:537.874.6</subfield></datafield><datafield ind1="1" ind2=" " tag="100"><subfield code="a">Vaganov, R.B</subfield></datafield><datafield ind1="1" ind2="0" tag="245"><subfield code="a">Osnobi teorii difraktii</subfield><subfield code="c">R.b. vaganov; b.z. katsenelenbaum</subfield></datafield><datafield ind1=" " ind2=" " tag="260"><subfield code="a">Moskva</subfield><subfield code="b">Mir</subfield><subfield code="c">1982</subfield></datafield><datafield ind1=" " ind2=" " tag="300"><subfield code="a">272p</subfield></datafield><datafield ind1="1" ind2=" " tag="700"><subfield code="a">Katsenelenbaum, B.Z</subfield></datafield><datafield ind1=" " ind2=" " tag="852"><subfield code="a">70921</subfield><subfield code="c">535</subfield></datafield><datafield ind1=" " ind2=" " tag="CAT"><subfield code="a">Sys</subfield><subfield code="c">20101124</subfield><subfield code="h">150940</subfield></datafield></record></collection>